@online{Cohen2001BitTorrent,
	author = {Bram Cohen},
	title = {BitTorrent - a new P2P app },
	year = 2001,
	url = {https://groups.yahoo.com/neo/groups/decentralization/conversations/topics/3160},
	urldate = {2016-07-10}
}

@article{schulze2009internet,
	title={Internet Study 2008/2009},
	author={Schulze, Hendrik and Mochalski, Klaus},
	journal={Ipoque Report},
	volume={37},
	pages={351--362},
	year={2009}
}

@online{palo2013application,
	author = {Palo Alto Networks},
	title = {Application Usage \& Threat Report},
	year = 2013,
	url = {http://researchcenter.paloaltonetworks.com/app-usage-risk-report-visualization/},
	urldate = {2016-07-10}
}

@inproceedings{wang2013measuring,
	title={Measuring large-scale distributed systems: case of bittorrent mainline dht},
	author={Wang, Liang and Kangasharju, Jussi},
	booktitle={IEEE P2P 2013 Proceedings},
	pages={1--10},
	year={2013},
	organization={IEEE}
}

@online{reuters2012bittorrent,
	author = {Reuters},
	title = {BitTorrent and ÂµTorrent Software Surpass 150 Million User Milestone; Announce New Consumer Electronics Partnerships},
	year = 2012,
	url = {http://www.reuters.com/article/idUS162488+09-Jan-2012+BW20120109/},
	urldate = {2016-07-10}
}

@online{python2015global,
	author = {Python},
	title = {GlobalInterpreterLock},
	year = 2015,
	url = https://wiki.python.org/moin/GlobalInterpreterLock},
urldate = {2016-07-10}
}

@online{pypy2016speed,
	author = {Pypy},
	title = {SPEED CENTER},
	year = 2016,
	url = {http://speed.pypy.org/},
	urldate = {2016-07-10}
}

@online{jython2016why,
	author = {Jython},
	title = {Why Jython},
	year = 2016,
	url = {https://wiki.python.org/jython/WhyJython},
	urldate = {2016-07-10}
}

@online{ironpython2014,
	author = {Python},
	title = {IronPython},
	year = 2014,
	url = {https://wiki.python.org/moin/IronPython},
	urldate = {2016-07-10}
}

@article{sherman2016deco,
	title={DECO: Polishing Python Parallel Programming},
	author={Sherman, Alex and Den Hartog, Peter},
	year={2016}
}

